
@inproceedings{hassan2018real,
  title={Real-time cardiac arrhythmia classification using memristor neuromorphic computing system},
  author={Hassan, Amr M and Khalaf, Aya F and Sayed, Khaled S and Li, Hai Helen and Chen, Yiran},
  booktitle={2018 40th Annual International Conference of the IEEE Engineering in Medicine and Biology Society (EMBC)},
  pages={2567--2570},
  year={2018},
  organization={IEEE}
}


@article{manipatruni2019scalable,
  title={Scalable energy-efficient magnetoelectric spin--orbit logic},
  author={Manipatruni, Sasikanth and Nikonov, Dmitri E and Lin, Chia-Ching and Gosavi, Tanay A and Liu, Huichu and Prasad, Bhagwati and Huang, Yen-Lin and Bonturim, Everton and Ramesh, Ramamoorthy and Young, Ian A},
  journal={Nature},
  volume={565},
  number={7737},
  pages={35--42},
  year={2019},
  publisher={Nature Publishing Group UK London}
}

@article{cai2019fully,
  title={A fully integrated reprogrammable memristor--CMOS system for efficient multiply--accumulate operations},
  author={Cai, Fuxi and Correll, Justin M and Lee, Seung Hwan and Lim, Yong and Bothra, Vishishtha and Zhang, Zhengya and Flynn, Michael P and Lu, Wei D},
  journal={Nature electronics},
  volume={2},
  number={7},
  pages={290--299},
  year={2019},
  publisher={Nature Publishing Group UK London}
}

@article{javey2003ballistic,
  title={Ballistic carbon nanotube field-effect transistors},
  author={Javey, Ali and Guo, Jing and Wang, Qian and Lundstrom, Mark and Dai, Hongjie},
  journal={nature},
  volume={424},
  number={6949},
  pages={654--657},
  year={2003},
  publisher={Nature Publishing Group UK London}
}

@article{papandroulidakis2019practical,
  title={Practical implementation of memristor-based threshold logic gates},
  author={Papandroulidakis, Georgios and Serb, Alexander and Khiat, Ali and Merrett, Geoff V and Prodromakis, Themis},
  journal={IEEE Transactions on Circuits and Systems I: Regular Papers},
  volume={66},
  number={8},
  pages={3041--3051},
  year={2019},
  publisher={IEEE}
}

@article{aljafar20243d,
  title={A 3D Memristor Architecture for In-Memory Computing Demonstrated with SHA3},
  author={Aljafar, Muayad J and Joshi, Rasika and Acken, John M},
  journal={arXiv preprint arXiv:2402.09545},
  year={2024}
}


@article{aguirre2024hardware,
  title={Hardware implementation of memristor-based artificial neural networks},
  author={Aguirre, Fernando and Sebastian, Abu and Le Gallo, Manuel and Song, Wenhao and Wang, Tong and Yang, J Joshua and Lu, Wei and Chang, Meng-Fan and Ielmini, Daniele and Yang, Yuchao and others},
  journal={Nature communications},
  volume={15},
  number={1},
  pages={1974},
  year={2024},
  publisher={Nature Publishing Group UK London}
}

@article{hills2019modern,
  title={Modern microprocessor built from complementary carbon nanotube transistors},
  author={Hills, Gage and Lau, Christian and Wright, Andrew and Fuller, Samuel and Bishop, Mindy D and Srimani, Tathagata and Kanhaiya, Pritpal and Ho, Rebecca and Amer, Aya and Stein, Yosi and others},
  journal={Nature},
  volume={572},
  number={7771},
  pages={595--602},
  year={2019},
  publisher={Nature Publishing Group}
}

@article{appenzeller2008carbon,
  title={Carbon nanotubes for high-performance electronicsâ€”Progress and prospect},
  author={Appenzeller, Joerg},
  journal={Proceedings of the IEEE},
  volume={96},
  number={2},
  pages={201--211},
  year={2008},
  publisher={IEEE}
}